@misc{john-wilkes-keynote,
  author = {John Wilkes},
  title = {{Elevator pitches}},
  year = 2018,
  note = {\url{https://conferences.inf.ed.ac.uk/EuroDW2018/keynotes/John-Wilkes-Keynote.pdf}}
}
